@INPROCEEDINGS{10026573,
  author={Nötzli, Andres and Barbosa, Haniel and Niemetz, Aina and Preiner, Mathias and Reynolds, Andrew and Barrett, Clark and Tinelli, Cesare},
  booktitle={2022 Formal Methods in Computer-Aided Design (FMCAD)}, 
  title={Reconstructing Fine-Grained Proofs of Rewrites Using a Domain-Specific Language}, 
  year={2022},
  volume={},
  number={},
  pages={65-74},
  keywords={Codes;Design automation;Instruments;Cognition;Discharges (electric);Safety;DSL},
  doi={10.34727/2022/isbn.978-3-85448-053-2_12}}

@article{Schurr_2021,
   title={Alethe: Towards a Generic SMT Proof Format (extended abstract)},
   volume={336},
   ISSN={2075-2180},
   url={http://dx.doi.org/10.4204/EPTCS.336.6},
   DOI={10.4204/eptcs.336.6},
   journal={Electronic Proceedings in Theoretical Computer Science},
   publisher={Open Publishing Association},
   author={Schurr, Hans-Jörg and Fleury, Mathias and Barbosa, Haniel and Fontaine, Pascal},
   year={2021},
   month=jul, pages={49–54} }
